@inproceedings{aplonova-tyers-2017-towards,
    title = "Towards a dependency-annotated treebank for {B}ambara",
    author = "Aplonova, Ekaterina  and
      Tyers, Francis M.",
    booktitle = "Proceedings of the 16th International Workshop on Treebanks and Linguistic Theories",
    year = "2017",
    address = "Prague, Czech Republic",
    url = "https://www.aclweb.org/anthology/W17-7618",
    pages = "138--145",
}

@Manual{silge2019tidylo,
    title = {tidylo: Tidy Log Odds Ratio Weighted by Uninformative Prior},
    author = {Tyler Schnoebelen and Julia Silge},
    year = {2019},
    note = {R package version 0.1.0.900},
    url = {http://github.com/juliasilge/tidylo},
  }

@article{vydrin2013bamana,
  title={Bamana reference corpus ({BRC})},
  author={Vydrin, Valentin},
  journal={Procedia-Social and Behavioral Sciences},
  volume={95},
  pages={75--80},
  year={2013},
  publisher={Elsevier},
  issuetitle =   {Corpus Resources for Descriptive and Applied
                  Studies. Current Challenges and Future Directions:
                  Selected Papers from the 5th International
                  Conference on Corpus Linguistics (CILC2013)}
}

@inproceedings{guthrie-etal-2006-closer,
    title = "A Closer Look at Skip-gram Modelling",
    author = "Guthrie, David  and
      Allison, Ben  and
      Liu, Wei  and
      Guthrie, Louise  and
      Wilks, Yorick",
    booktitle = "Proceedings of the Fifth International Conference on Language Resources and Evaluation ({LREC}{'}06)",
    month = may,
    year = "2006",
    address = "Genoa, Italy",
    publisher = "European Language Resources Association (ELRA)",
    url = "http://www.lrec-conf.org/proceedings/lrec2006/pdf/357_pdf.pdf",
}

@article{cheng2006concgrams,
  title={From n-gram to skipgram to concgram},
  author={Cheng, Winnie and Greaves, Chris and Warren, Martin},
  journal={International journal of corpus linguistics},
  volume={11},
  number={4},
  pages={411--433},
  year={2006},
  publisher={John Benjamins}
}

@inproceedings{mikolov2013distributed,
  title={Distributed representations of words and phrases and their compositionality},
  author={Mikolov, Tomas and Sutskever, Ilya and Chen, Kai and Corrado, Greg S and Dean, Jeff},
  booktitle={Advances in neural information processing systems},
  pages={3111--3119},
  year={2013}
}

@article{sidorov2014syntactic,
  title={Syntactic n-grams as machine learning features for natural language processing},
  author={Sidorov, Grigori and Velasquez, Francisco and Stamatatos, Efstathios and Gelbukh, Alexander and Chanona-Hern{\'a}ndez, Liliana},
  journal={Expert Systems with Applications},
  volume={41},
  number={3},
  pages={853--860},
  year={2014},
  publisher={Elsevier}
}

@article{levy-etal-2015-improving,
    title = "Improving Distributional Similarity with Lessons Learned from Word Embeddings",
    author = "Levy, Omer  and
      Goldberg, Yoav  and
      Dagan, Ido",
    journal = "Transactions of the Association for Computational Linguistics",
    volume = "3",
    year = "2015",
    url = "https://www.aclweb.org/anthology/Q15-1016",
    doi = "10.1162/tacl_a_00134",
    pages = "211--225",
    abstract = "Recent trends suggest that neural-network-inspired word embedding models outperform traditional count-based distributional models on word similarity and analogy detection tasks. We reveal that much of the performance gains of word embeddings are due to certain system design choices and hyperparameter optimizations, rather than the embedding algorithms themselves. Furthermore, we show that these modifications can be transferred to traditional distributional models, yielding similar gains. In contrast to prior reports, we observe mostly local or insignificant performance differences between the methods, with no global advantage to any single approach over the others.",
}

@inproceedings{ling-etal-2015-two,
    title = "Two/Too Simple Adaptations of {W}ord2{V}ec for Syntax Problems",
    author = "Ling, Wang  and
      Dyer, Chris  and
      Black, Alan W.  and
      Trancoso, Isabel",
    booktitle = "Proceedings of the 2015 Conference of the North {A}merican Chapter of the Association for Computational Linguistics: Human Language Technologies",
    month = may # "{--}" # jun,
    year = "2015",
    address = "Denver, Colorado",
    publisher = "Association for Computational Linguistics",
    url = "https://www.aclweb.org/anthology/N15-1142",
    doi = "10.3115/v1/N15-1142",
    pages = "1299--1304",
}

@Thesis{plechac2019,
  author =       {Plecháč, Petr},
  title =        {Atribuce autorství básnických textů [Authorship
                  attribution of poetic texts]},
  type =         {phd},
  institution =  {Univerzita Karlova},
  year =      2019,
  location =  {Praha}}

@inproceedings{davydov2010towards,
  title={Towards the Manding corpus: Texts selection principles and metatext markup},
  author={Davydov, Artem},
  booktitle={Proceedings of the Second Workshop on African Language Technology {AfLaT}},
  pages={59--62},
  year={2010}
}

@inproceedings{maslinsky2014daba,
  title={Daba: a model and tools for Manding corpora},
  author={Maslinsky, Kirill},
  booktitle={{TALN-RECITAL} 2014 Workshop {TALAf} 2014: Traitement Automatique des Langues Africaines ({TALAf} 2014: African Language Processing)},
  pages={114--122},
  year={2014}
}

@article{monroe2008,
  author={Monroe, Burt L. and Colaresi, Michael P. and Quinn, Kevin M.},
  title={Fightin' Words: Lexical Feature Selection and Evaluation for
                  Identifying the Content of Political Conflict},
  volume={16},
  year =         {2008},
  DOI={10.1093/pan/mpn018},
  number={4},
  journal={Political Analysis},
  publisher={Cambridge University Press},
pages={372–403}}

@inproceedings{cavnar1994n,
  title={N-gram-based text categorization},
  author={Cavnar, William B and Trenkle, John M and others},
  booktitle={Proceedings of {SDAIR-94}, 3rd annual symposium on document analysis and information retrieval},
  pages={161-175},
  year={1994},
  organization={Citeseer}
}

@inproceedings{koppel2003exploiting,
  title={Exploiting stylistic idiosyncrasies for authorship attribution},
  author={Koppel, Moshe and Schler, Jonathan},
  booktitle={Proceedings of {IJCAI'03} Workshop on Computational Approaches to Style Analysis and Synthesis},
  volume={69},
  pages={72--80},
  year={2003}
}

@article{church2011pendulum,
  title={A pendulum swung too far},
  author={Church, Kenneth},
  journal={Linguistic Issues in Language Technology},
  volume={6},
  number={5},
  pages={1--27},
  year={2011}
}

@article{robertson1998applications,
  title={Applications of n-grams in textual information systems},
  author={Robertson, Alexander M and Willett, Peter},
  journal={Journal of Documentation},
  volume={54},
  number={1},
  pages={48--67},
  year={1998},
  publisher={MCB UP Ltd}
}

@incollection{schmid1999improvements,
  title={Improvements in part-of-speech tagging with an application to German},
  author={Schmid, Helmut},
  booktitle={Natural language processing using very large corpora},
  pages={13--25},
  year={1999},
  publisher={Springer}
}

@book{manning1999foundations,
  title={Foundations of statistical natural language processing},
  author={Manning, Christopher D and Sch{\"u}tze, Hinrich},
  year={1999},
  publisher={MIT press}
}

@article{chomsky1956three,
  title={Three models for the description of language},
  author={Chomsky, Noam},
  journal={IRE Transactions on information theory},
  volume={2},
  number={3},
  pages={113--124},
  year={1956},
  publisher={IEEE}
}

@article{gries2009behavioral,
  title={Behavioral profiles: a corpus-based approach to cognitive semantic analysis},
  author={Gries, Stefan Th and Divjak, Dagmar},
  journal={New directions in cognitive linguistics},
  pages={57--75},
  year={2009},
  publisher={John Benjamins},
  location =     {Amsterdam and Philadelphia}
}

@article{hanks1996contextual,
  title={Contextual dependency and lexical sets},
  author={Hanks, Patrick},
  journal={International Journal of Corpus Linguistics},
  volume={1},
  number={1},
  pages={75--98},
  year={1996},
  publisher={John Benjamins}
}

@article{stefanowitsch2003collostructions,
  title={Collostructions: Investigating the interaction of words and constructions},
  author={Stefanowitsch, Anatol and Gries, Stefan Th},
  journal={International journal of corpus linguistics},
  volume={8},
  number={2},
  pages={209--243},
  year={2003},
  publisher={John Benjamins}
}

@article{kopotev2013automatic,
  title={Automatic detection of stable grammatical features in n-grams},
  author={Kopotev, Mihail and Pivovarova, Lidia and Kochetkova, Natalia and Yangarber, Roman and others},
  journal={Unknown host publication},
  year={2013}
}

@inproceedings{kopotev-etal-2013-automatic,
    title = "Automatic Detection of Stable Grammatical Features in N-Grams",
    author = "Kopotev, Mikhail  and
      Pivovarova, Lidia  and
      Kochetkova, Natalia  and
      Yangarber, Roman",
    booktitle = "{NAACL HLT} 2013: Proceedings of the 9th Workshop on Multiword Expressions",
    year = "2013",
    address = "Atlanta, Georgia, USA",
    publisher = "Association for Computational Linguistics",
    url = "https://www.aclweb.org/anthology/W13-1011",
    pages = "73--81",
}

@article{rosenfeld2000two,
  title={Two decades of statistical language modeling: Where do we go from here?},
  author={Rosenfeld, Ronald},
  journal={Proceedings of the IEEE},
  volume={88},
  number={8},
  pages={1270--1278},
  year={2000},
  publisher={IEEE}
}

@article{brown1992class,
  title={Class-based n-gram models of natural language},
  author={Brown, Peter F and Desouza, Peter V and Mercer, Robert L and Pietra, Vincent J Della and Lai, Jenifer C},
  journal={Computational linguistics},
  volume={18},
  number={4},
  pages={467--479},
  year={1992},
  publisher={MIT Press}
}


@inproceedings{lin2010new,
  title={New Tools for Web-Scale N-grams.},
  author={Lin, Dekang and Church, Kenneth Ward and Ji, Heng and Sekine, Satoshi and Yarowsky, David and Bergsma, Shane and Patil, Kailash and Pitler, Emily and Lathbury, Rachel and Rao, Vikram and others},
  booktitle={LREC},
  year={2010},
  organization={Citeseer}
}

@article{taylor1998assigning,
  title={Assigning phrase breaks from part-of-speech sequences},
  author={Taylor, Paul and Black, Alan W},
  journal={Computer Speech \& Language},
  volume={12},
  number={2},
  pages={99--117},
  year={1998},
  publisher={Elsevier}
}

@inproceedings{jaggi2014swiss,
  title={Swiss-chocolate: Sentiment detection using sparse svms and part-of-speech n-grams},
  author={Jaggi, Martin and Uzdilli, Fatih and Cieliebak, Mark},
  booktitle={Proceedings of the 8th International Workshop on Semantic Evaluation (SemEval 2014)},
  pages={601--604},
  year={2014}
}

@article{brants2006google,
  title={The Google Web 1T 5-gram corpus version 1.1},
  author={Brants, Thorsten and Franz, Alex},
  journal={LDC2006T13},
  year={2006}
}

@inproceedings{brants2000tnt,
  title={{TnT}: a statistical part-of-speech tagger},
  author={Brants, Thorsten},
  booktitle={Proceedings of the sixth conference on Applied natural language processing},
  pages={224--231},
  year={2000},
  organization={Association for Computational Linguistics}
}
